<?xml version="1.0" encoding="UTF-8"?><collection xmlns="http://www.loc.gov/MARC21/slim"><record><leader>00349nam--2200133-i-4500</leader><controlfield tag="001">000015919</controlfield><controlfield tag="002">20161230</controlfield><controlfield tag="005">20161230201031</controlfield><controlfield tag="008">060222s1000------------r-----000-0-eng-d</controlfield><datafield ind1=" " ind2=" " tag="080"><subfield code="a">621.5</subfield></datafield><datafield ind1=" " ind2=" " tag="100"><subfield code="a">Carpenter, L.G</subfield></datafield><datafield ind1=" " ind2=" " tag="245"><subfield code="a">Vacuum technology.an introduction.second editi on</subfield></datafield><datafield ind1=" " ind2=" " tag="260"><subfield code="a">Bristol, Adam Hilger Ltd., 1983. X + 118 P</subfield></datafield><datafield ind1=" " ind2=" " tag="852"><subfield code="a">74125</subfield></datafield></record></collection>